
@article{olive_review_2014,
	title = {Review of {Particle} {Physics}},
	volume = {38},
	issn = {1674-1137},
	url = {http://iopscience.iop.org/article/10.1088/1674-1137/38/9/090001/meta},
	doi = {10.1088/1674-1137/38/9/090001},
	language = {en},
	number = {9},
	urldate = {2016-02-01},
	journal = {Chinese Phys. C},
	author = {Olive, K. A. and Group, Particle Data},
	month = aug,
	year = {2014},
	pages = {090001},
	file = {Snapshot:/home/glg/.zotero/zotero/9beyagrj.default/zotero/storage/23M3W83P/meta.html:text/html}
}

@article{atlas_collaboration_combined_2015,
	title = {Combined {Measurement} of the {Higgs} {Boson} {Mass} in \$pp\$ {Collisions} at \${\textbackslash}sqrt\{s\}=7\$ and 8 {TeV} with the {ATLAS} and {CMS} {Experiments}},
	volume = {114},
	url = {http://link.aps.org/doi/10.1103/PhysRevLett.114.191803},
	doi = {10.1103/PhysRevLett.114.191803},
	number = {19},
	urldate = {2016-02-10},
	journal = {Phys. Rev. Lett.},
	author = {{ATLAS Collaboration} and {CMS Collaboration}},
	month = may,
	year = {2015},
	pages = {191803},
	file = {2015-atlas_collaborationet_al-combined_measurement_of_the_higgs_boson_mass_in_\$pp\$_collisions_at_\$-sqrt s =7\$.pdf:/home/glg/cernbox/zotero/2015-atlas_collaborationet_al-combined_measurement_of_the_higgs_boson_mass_in_\$pp\$_collisions_at_\$-sqrt s =7\$.pdf:application/pdf;APS Snapshot:/home/glg/.zotero/zotero/9beyagrj.default/zotero/storage/RKE9JSN9/PhysRevLett.114.html:text/html}
}
@article{mohr_codata_2012,
	title = {{CODATA} recommended values of the fundamental physical constants: 2010*},
	volume = {84},
	shorttitle = {{CODATA} recommended values of the fundamental physical constants},
	url = {http://link.aps.org/doi/10.1103/RevModPhys.84.1527},
	doi = {10.1103/RevModPhys.84.1527},
	abstract = {This paper gives the 2010 self-consistent set of values of the basic constants and conversion factors of physics and chemistry recommended by the Committee on Data for Science and Technology (CODATA) for international use. The 2010 adjustment takes into account the data considered in the 2006 adjustment as well as the data that became available from 1 January 2007, after the closing date of that adjustment, until 31 December 2010, the closing date of the new adjustment. Further, it describes in detail the adjustment of the values of the constants, including the selection of the final set of input data based on the results of least-squares analyses. The 2010 set replaces the previously recommended 2006 CODATA set and may also be found on the World Wide Web at physics.nist.gov/constants.},
	number = {4},
	urldate = {2016-02-12},
	journal = {Rev. Mod. Phys.},
	author = {Mohr, Peter J. and Taylor, Barry N. and Newell, David B.},
	month = nov,
	year = {2012},
	pages = {1527--1605},
	file = {2012-mohr_taylor_newell-codata_recommended_values_of_the_fundamental_physical_constants.pdf:/home/glg/cernbox/zotero/2012-mohr_taylor_newell-codata_recommended_values_of_the_fundamental_physical_constants.pdf:application/pdf;APS Snapshot:/home/glg/.zotero/zotero/9beyagrj.default/zotero/storage/ZGTG8IPZ/RevModPhys.84.html:text/html}
}

@article{yasumi_mass_1994,
	title = {The mass of the electron neutrino from electron capture in 163Ho},
	volume = {334},
	issn = {0370-2693},
	url = {http://www.sciencedirect.com/science/article/pii/0370269394906165},
	doi = {10.1016/0370-2693(94)90616-5},
	abstract = {Using an M X-ray spectrum from electron capture in 163Ho together with M X-ray fluorescence spectra of the Dy atom, the partial decay constants of 163Ho, λM1 and λM2 were measured. With λM1, λM2 and λt (total decay constant) as three constraints, the mass of the electron neutrino, mVe, the Q-value, and log(ft) of the 163Ho decay were simultaneously determined. Results obtained are m V e = 110 − 110 + 350 e V , Q = 2.710 − 0.500 + 0.100 k e V , and log ( f t ) = 4.993 − 0.001 + 0.030 .},
	number = {1–2},
	urldate = {2016-02-12},
	journal = {Physics Letters B},
	author = {Yasumi, S. and Maezawa, H. and Shima, K. and Inagaki, Y. and Mukoyama, T. and Mizogawa, T. and Sera, K. and Kishimoto, S. and Fujioka, M. and Ishii, K. and Omori, T. and Izawa, G. and Kawakami, O.},
	month = aug,
	year = {1994},
	pages = {229--233},
	file = {1994-yasumi_maezawa_shima_inagaki_mukoyama_mizogawa_sera_kishimoto_fujioka_ishii_omori_izawa_kawakami-the_mass_of_the_electron_neutrino_from_electron_capture_in_163ho.pdf:/home/glg/cernbox/zotero/1994-yasumi_maezawa_shima_inagaki_mukoyama_mizogawa_sera_kishimoto_fujioka_ishii_omori_izawa_kawakami-the_mass_of_the_electron_neutrino_from_electron_capture_in_163ho.pdf:application/pdf;ScienceDirect Snapshot:/home/glg/.zotero/zotero/9beyagrj.default/zotero/storage/MRWKW2JH/0370269394906165.html:text/html}
}